%% Bibliography file for MAD-X in BiBTeX format
%  2014-Feb-26  16:14:32  ghislain: first version based on bibliography.tex

@book{Ben62,
    title = "L'Oxydation des m\'etaux",
    author = "J. B{\'e}nard and J. Bardolle and F. Bouillon and M. Cagnet%
       and J. Moreau and G. Valensi",
    publisher = "Gauthier-Villars",
    year = "1962"
 }

%% Champs:

%% address : L'adresse de l'éditeur
%% abstract : Résumé de l'article
%% annote : Une annotation
%% author : Nom(s) puis prénom(s) des auteurs séparés par and. Exemple : author = {DO, John and DUPOND, Marc}
%% booktitle : Le titre du livre
%% chapter : Le numéro de chapitre
%% crossref : La clé d'une référence croisée
%% edition : L'édition du livre
%% editor : Le nom de l'éditeur
%% eprint : La spécification d'un publication électronique.
%% howpublished : Comment il a été publié, si ce n'est pas avec une méthode standard
%% institution : L'institution impliquée dans la publication (pas forcément l'éditeur)
%% journal : La revue ou le magazine dans lequel le travail a été publié
%% key : Un champ caché utilisé pour spécifier ou remplacer l'ordre alphabétique des entrées (quand "author et "editor" ne sont pas présents).
%% month : Le mois de la création ou de la publication
%% note : Informations diverses.
%% number : Le numéro du journal ou du magazine.
%% organization : Le sponsor d'une conférence
%% pages : Les numéros de pages, séparés par des virgules ou sous forme d'intervalles.
%% publisher : Le nom de la maison d'édition
%% school : L'école dans laquelle la thèse a été écrite
%% series : La série de livres dans laquelle la livre a été publié
%% title : Le titre du document
%% type : Le type
%% url : L'adresse URL
%% volume : Le volume, dans le cas où il y a plusieurs volumes
%% year : L'année de publication (ou de création s'il n'a pas été publié)

@report{GKS,
     title = "The Graphical Kernel System (GKS)",
     publisher = "ISO",
     year = "1985",
     reference = "International Standard ISO 7942",
}

@report{MICADO,
     author = "Bruno Autin and Yolande  Marti",
     title = "Closed Orbit Correction of Alternating Gradient Machines using a small number of Magnets",
     reference = "CERN/ISR-MA/73-17",
     publisher = "CERN",
     year = "1973"
}



@Comment 	\item \href{barber}{\textit{3}} D.P. Barber, K. Heinemann,
@Comment           H. Mais and G. Ripken, \textit{A Fokker--Planck Treatment of
@Comment             Stochastic Particle Motion within   the Framework of a Fully
@Comment             Coupled 6-dimensional Formalism for   Electron-Positron
@Comment             Storage Rings including Classical Spin Motion in   Linear
@Comment             Approximation}, DESY report 91-146, 1991.  

@Comment 	\item \href{bartolini}{\textit{4}} R. Bartolini, A. Bazzani,
@Comment           M. Giovannozzi, W. Scandale and E. Todesco, \textit{Tune
@Comment             evaluation in simulations and experiments}, CERN SL/95-84
@Comment           (AP) (1995).  

@Comment 	\item \href{bjorken}{\textit{5}} J. D. Bjorken and
@Comment           S. K. Mtingwa. \textit{Particle Accelerators}\textbf{13},
@Comment           pg. 115.  

@Comment 	\item \href{moon}{\textit{6}} E. M. Bollt and J. D. Meiss,
@Comment           \textit{Targeting chaotic orbits to the Moon through
@Comment             recurrence}, Phys. Lett. A 204,373 (1995).  

@Comment 	\item \href{bramham}{\textit{7}} P. Bramham and
@Comment           H. Henke. private communication and LEP Note LEP-70/107, CERN.  



@TechReport{slac75,
  author = 	 {Karl L. Brown},
  title = 	 {A First-and Second-Order Matrix Theory for the Design of Beam Transport Systems and Charged Particle Spectrometers},
  institution =  {SLAC},
  year = 	 1972,
  key = 	 {SLAC-75},
  note = 	 {Revision 3}}


@TechReport{TRANSPORT,
  author = 	 {Karl L. Brown and David C. Carey and Christopher Iselin and Franck Rothacker},
  title = 	 {TRANSPORT - A Computer Program for Designing Charged Particle Beam Transport Systems},
  institution =  {CERN},
  year = 	 {1980},
  key = 	 {CERN 73-16, revised as CERN 80-04}}


@Comment 	\item \href{chao}{\textit{10}} A. Chao. \textit{Evaluation of
@Comment           beam distribution parameters in an electron   storage
@Comment           ring}. Journal of Applied Physics, 50:595-598, 1979. 
@Comment 	\label{bib:chao}

@Comment 	\item \href{chao1}{\textit{11}} A. W. Chao and
@Comment           M. J. Lee. \textit{SPEAR II Touschek lifetime}. SPEAR-181,
@Comment           SLAC, October 1974. 



@Article{conte_martini1985,
  author = 	 {M. Conte and Michel Martini},
  title = 	 {???},
  journal = 	 {Particle Accelerators},
  year = 	 1985,
  volume = 	 17,
  pages = 	 1}

		  
@Article{Courant_Snyder1958,
  author = 	 {E. D. Courant and H. S. Snyder},
  title = 	 {Theory of the alternating gradient synchrotron},
  journal = 	 {Annals of Physics},
  year = 	 1958,
  volume = 	 3,
  pages = 	 {1-48}}

@Comment 	\item \href{tfs}{\textit{14}} Ph. Defert, Ph. Hofmann, and
@Comment           R. Keyser. \textit{The Table File System, the C
@Comment             Interfaces}. LAW Note 9, CERN, 1989. 
@Comment 	\label{bib:tfs}

@Comment 	\item \href{donald}{\textit{15}} M. Donald and
@Comment           D. Schofield. \textit{A User's Guide to the \texttt{HARMON}
@Comment             Program}. LEP Note 420, CERN, 1982. 

@Comment 	\item \href{dragt}{\textit{16}} A. Dragt. \textit{Lectures on
@Comment           Nonlinear Orbit Dynamics}, 1981 Summer School on High   Energy
@Comment           Particle Accelerators, Fermi National Accelerator Laboratory,
@Comment           July   1981. American Institute of Physics, 1982. 
@Comment 	\label{bib:dragt}

@Comment 	\item \href{edwards}{\textit{17}} D. A. Edwards and
@Comment           L. C. Teng. \textit{Parametrisation of linear coupled motion
@Comment             in periodic systems}. IEEE Trans. on Nucl. Sc., 20:885,
@Comment           1973. 
@Comment 	\label{bib:edwards}



@TechReport{giovannozzi1996,
  author = 	 {Massimo Giovannozzi},
  title = 	 {Analysis of the stability domain of planar symplectic maps using invariant manifolds},
  institution =  {CERN},
  year = 	 1996,
  key = 	 {CERN/PS 96-05}}

@Comment 	\item \href{giovanozzi}{\textit{18}} M. Giovannozzi,
@Comment           \textit{Analysis of the stability domain of planar symplectic
@Comment             maps using invariant manifolds}, CERN/PS 96-05 (PA) (1996). 



@TechReport{grote1988,
  author = 	 {Hans Grote},
  title = 	 {GXPLOT User's Guide and Reference Manual},
  institution =  {CERN},
  year = 	 1988,
  key = 	 {LEP-TH Note 57}}

@Comment 	\item \href{gxplot}{\textit{19}} H. Grote. \textit{GXPLOT User's
@Comment           Guide and Reference Manual}. LEP TH Note 57, CERN, 1988. 



@TechReport{LEP_DR1979,
  author = 	 {LEP Design Group},
  title = 	 {Design Study of a 22 to 130 GeV electron-positron Colliding Beam Machine (LEP)},
  institution =  {CERN},
  year = 	 1979,
  key = 	 {CERN/ISR-LEP/79-33}}

@Comment 	\item \href{lep}{\textit{20}} LEP Design Group. \textit{Design
@Comment           Study of a 22 to 130 GeV electron-positron Colliding Beam
@Comment           Machine   (LEP)}. CERN/ISR-LEP/79-33, CERN, 1979. 



@TechReport{hanney_jowett_keil1988,
  author = 	 {M. Hanney and John M. Jowett and Eberhard Keil},
  title = 	 {BEAMPARAM - A program for computing beam dynamics and performance of electron-positron storage rings},
  institution =  {CERN},
  year = 	 1988,
  key = 	 {CERN/LEP-TH/88-2}}

@Comment 	\item \href{beamparam<i}{21} M. Hanney, J. M. Jowett, and
@Comment           E. Keil. \textit{BEAMPARAM - A program for computing beam
@Comment             dynamics and   performance of electron-positron storage
@Comment             rings}. CERN/LEP-TH/88-2, CERN, 1988. 




@Article{helm_lee_morton_sands1973,
  author = 	 {Richard H. Helm and Martin J. Lee and Philip L. Morton and Matthew Sands},
  title = 	 {Evaluation of synchrotron radiation integrals},
  journal = 	 {IEEE Trans. Nucl. Sc.},
  year = 	 1973,
  key = 	 {NS-20}}

@Comment 	\item \href{helm}{\textit{22}} R. H. Helm, M. J. Lee,
@Comment           P. L. Morton, and M. Sands. \textit{Evaluation of synchrotron
@Comment             radiation integrals}. IEEE Trans. Nucl. Sc., NS-20, 1973. 





@TechReport{james1978,
  author = 	 {F. James},
  title = 	 {MINUIT, A package of programs to minimise a function of n variables, compute the covariance matrix, and find the true errors},
  institution =  {CERN},
  year = 	 1978,
  note = 	 {Program Library Code D507}}

@Comment 	\item \href{minuit}{\textit{23}} F. James. \textit{MINUIT, A
@Comment           package of programs to minimise a function of n   variables,
@Comment           compute the covariance matrix, and find the true
@Comment           errors}. program library code D507, CERN, 1978. 
@Comment 	\label{bib:minuit}




@TechReport{keil1976,
  author = 	 {Eberhard Keil},
  title = 	 {Synchrotron radiation from a large electron-positron storage ring},
  institution =  {CERN},
  year = 	 1976,
  key = 	 {CERN/ISR-LTD/76-23}}

@Comment 	\item \href{keil}{\textit{24}} E. Keil. \textit{Synchrotron
@Comment           radiation from a large electron-positron storage
@Comment           ring}. CERN/ISR-LTD/76-23, CERN, 1976. 




@Book{knuth1981,
  author = 	 {D. E. Knuth},
  title = 	 {The Art of Computer Programming},
  publisher = 	 {Addison-Wesley},
  year = 	 1981,
  volume = 	 2,
  edition = 	 {second edition},
  note = 	 {Semi-numerical Algorithms}}

@Comment 	\item \href{knuth}{\textit{25}} D. E. Knuth. \textit{The Art of
@Comment           Computer Programming}. Volume 2, Addison-Wesley, second
@Comment           edition, 1981. Semi-numerical Algorithms. 
@Comment 	\label{bib:knuth}




@Article{laskar1992,
  author = 	 {J. Laskar and C. Froeschle and A. Celletti},
  title = 	 {The measure of chaos by the numerical analysis of the fundamental frequencies. Application to the standard mapping},
  journal = 	 {Physica D},
  year = 	 1992,
  volume = 	 56,
  pages = 	 253}

@Comment 	\item \href{laskar}{\textit{26}} J. Laskar, C. Froeschle and
@Comment           A. Celletti, \textit{The measure of chaos by the numerical
@Comment             analysis of the fundamental   frequencies. Application to
@Comment             the standard mapping}, Physica D 56, 253 (1992). 


@TechReport{maisripken1982,
  author = 	 {H. Mais and Gerhard Ripken},
  title = 	 {Theory of Coupled Synchro-Betatron Oscillations},
  institution =  {DESY},
  year = 	 1982,
  key = 	 {DESY M-82-05},
  type = 	 {DESY Internal Report}}

@Comment 	\item \href{mais}{\textit{27}} H. Mais and G. Ripken,
@Comment           \textit{Theory of Coupled Synchro-Betatron Oscillations}. DESY
@Comment           internal Report, DESY M-82-05, 1982. 




@TechReport{meddahi1996,
  author = 	 {Malika Meddahi},
  title = 	 {Chromaticity correction for the 108/60 degree lattice},
  institution =  {CERN},
  year = 	 1996,
  key = 	 {SL/Note 96-19 (AP)}}


@TechReport{milutinovic1988,
  author = 	 {J. Milutinovic and Francesco Ruggiero},
  title = 	 {Comparison of Accelerator Codes for a RHIC Lattice},
  institution =  {BNL},
  year = 	 1988,
  key = 	 {AD/AP/TN-9}}


@TechReport{Montague1979,
  author = 	 {Brian. W. Montague},
  title = 	 {Linear Optics for Improved Chromaticity Correction},
  institution =  {CERN},
  year = 	 1979,
  key = 	 {LEP Note 165}}

@TechReport{Ripken1970,
  author = 	 {Gerhard Ripken},
  title = 	 {Untersuchungen zur Strahlf\"uhrung und Stabilit\"at der Teilchenbewegung in Beschleunigern und Storage-Ringen unter strenger Ber\"ucksichtigung einer Kopplung der Betatronschwingungen},
  institution =  {DESY},
  year = 	 1970,
  key = 	 {DESY Internal Report R1-70/4}}


@TechReport{Ripken1988,
  author =        {Gerhard Ripken and Ferdinand Willeke},
  title =         {Methods of Beam Optics},
  institution =   {DESY},
  year =          1988,
  reference =     {DESY 88-114}}



@InProceedings{ruggiero1996,
  author = 	 {Francesco Ruggiero},
  title = 	 {Dynamic Aperture for LEP 2 with various optics and tunes},
  key = 	 {CERN SL/96-05 (DI),1996},
  booktitle =    {Proc. Sixth Workshop on LEP Performance, Chamonix},
  year = 	 1996,
  editor = 	 {John Poole},
  series = 	 {Chamonix LEP Performance Workshops},
  pages = 	 {132-136},
  organization = {CERN}}


@TechReport{teng1971,
  author = 	 {L. C. Teng},
  title = 	 {Concerning n-Dimensional Coupled Motion},
  institution =  {FNAL},
  year = 	 1971,
  key = 	 {FN 229}}

@TechReport{Piwinski1998,
  author = 	 {A. Piwinski},
  title = 	 {The {Touschek} Effect in Strong Focusing Storage Rings},
  institution =  {DESY},
  year = 	 1998,
  key = 	 {DESY-98-179}}


@Book{chaotigner1999,
  editor = 	 {Alex Chao and Maury Tigner},
  title = 	 {Handbook of Accelerator Physics and Engineering},
  publisher = 	 {World Scientific},
  year = 	 1999}


@TechReport{Volkel1967,
  author = 	 {U. V\"olkel},
  title = 	 {Particle loss by {Touschek} effect in a storage ring},
  institution =  {DESY},
  year = 	 1967,
  key = 	 {DESY 67-5}}


@TechReport{walker1987,
  author = 	 {R. P. Walker},
  title = 	 {Calculation of the {Touschek} lifetime in electron storage rings},
  institution =  {SERC},
  year = 	 1987,
  key = 	 {DL/SCI/P542A},
  type = 	 {SERC Daresbury Laboratory preprint}}


@TechReport{sands1970,
  author = 	 {Matthew Sands},
  title = 	 {The Physics of Electron Storage Rings},
  institution =  {SLAC, University of California},
  year = 	 1970,
  key = 	 {SLAC-121, UC-28}}

@Comment 	\item \href{wilson}{\textit{36}} P. B. Wilson. \textit{Proc. 8th
@Comment           Int. Conf. on High-Energy Accelerators}. Stanford, 1974. 

@Comment 	\item \href{wrulich}{\textit{37}} A. Wrulich and
@Comment           H. Meyer. \textit{Life time due to the beam-beam
@Comment             bremsstrahlung effect}. PET-75-2, DESY, 1975. 

@Comment 	\item \href{SXF}{\textit{38}}  H. Grote, J. Holt, N. Malitsky,
@Comment           F. Pilat, R. Talman, C.G. Trahern. \textit{SXF (Standard
@Comment             eXchange Format): definition, syntax,
@Comment             examples}. RHIC/AP/155, August, 1998.  
@Comment 	\label{bib:sxf}

@Comment 	\item \href{SixTrack}{\textit{39}} F. Schmidt. \textit{SixTrack,
@Comment           User's Reference Manual}. CERN SL/94-56 (AP). 
@Comment 	\label{bib:sixtrack}

@Comment 	\item \href{SixTrack_Run_Environment}{\textit{40}} M. Hayes and
@Comment           F. Schmidt. \textit{Run Environment for SixTrack}. Physics
@Comment           Note 53 (unpublished) \& LHC Project Note 300. 
@Comment 	\label{bib:sixtrack_run_environment}

@Comment 	\item \href{SODD}{\textit{41}} F. Schmidt. \textit{SODD: A
@Comment           computer code to calculate detuning and distortion function
@Comment           terms in first and second order}. CERN SL/Note 99-009 (AP). 
@Comment 	\label{bib:sodd}

@Comment 	\item \href{TEAPOT}{\textit{42}} R.Talman and
@Comment           L.Schachinger. \textit{TEAPOT. A Thin Element Accelerator
@Comment             Program for Optics and Tracking}. SSC-52. 
@Comment 	\label{bib:teapot}


@TechReport{bjorken_mtingwa1982,
  author = 	 {J. D. Bjorken and S. K. Mtingwa},
  title = 	 {Intrabeam Scattering},
  institution =  {FNAL},
  year = 	 1982,
  key = 	 {FERMILAB-Pub-82/47-THY},
  month = 	 {July}}

@TechReport{antoniou_zimmermann2012,
  author = 	 {Fanouria Antoniou and Frank Zimmermann},
  title = 	 {To be published},
  institution =  {CERN},
  year = 	 2012}


@Article{PDGlatest,
  author = 	 {J. Beringer et al. (Particle Data Group)},
  title = 	 {The Review of Particle Physics},
  journal = 	 {Physical Review},
  year = 	 2012,
  volume = 	 {D86},
  pages = 	 010001}




@Comment \end{enumerate}


@Comment %\href{http://www.cern.ch/Frank.Schmidt/frs_sign.html}{frs}, May 01, 2003 

